@article{
author={Franklin,Joel N.},
year={1965},
month={01},
title={Numerical Simulation of Stationary and Non-Stationary Gaussian Random Processes},
journal={SIAM Review},
volume={7},
number={1},
pages={68-13},
note={Copyright - Copyright] © 1965 © Society for Industrial and Applied Mathematics; Last updated - 2012-03-04; CODEN - SIREAD},
keywords={Technology: Comprehensive Works},
isbn={00361445},
language={English},
url={http://search.proquest.com/docview/926070427?accountid=27805},
}
}
